@book{kiencke,
    title = {Automotive Control Systems},
    author = {Uwe Kiencke and Lars Nielsen},
    isbn = {3-540-23139-0},
    year = {2005},
    publisher = {Springer}
}

@book{spong,
    title = {Robot Modeling and Control},
    author = {Mark W. Spong and Seth Hutchinson and M. Vidyasagar},
    isbn = {978-0-471-64990-8},
    year = {2006},
    publisher = {Wiley}
}

@article{efimov,
  author = {Andrey Efimov and Sergey Kireev and Marina Korchagina},
  title = {On the developing of the mathematical model of all-wheel drive vehicle},
  year         = 2017,
  publisher = {Don State Technical University}
}

@article{rill,
  author  = {Georg Rill}, 
  title   = {Wheel Dynamics},
  journal = {DINAME},
  year    = 2007,
}


@phdthesis{grip,
  author       = {Håvard Fjær Grip}, 
  title        = {Topics in State and Parameter Estimation for Nonlinear and Uncertain Systems},
  school       = {Norwegian University of Science and Technology},
  year         = 2010,
  address      = {Trondheim},
  month        = 5
}
